% This file was created with Citavi 6.8.0.0

@webpage{EPSG,
 author = {EPSG},
 title = {Ethernet Powerlink},
 url = {https://www.ethernet-powerlink.org/},
 urldate = {2021-05-14}
}


@webpage{OPCFoundation,
 author = {{OPC Foundation}},
 title = {Unified Architecture},
 url = {https://opcfoundation.org/about/opc-technologies/opc-ua/},
 urldate = {2020-09-22}
}


@Comment{jabref-meta: databaseType:bibtex;}
